<record><leader>00000cas a22000007a 4500</leader><controlfield tag="001">10371078</controlfield><controlfield tag="008">840203d18581860meuwr ne      0    0eng d</controlfield><datafield ind1=" " ind2=" " tag="010"><subfield code="a">sn 84022369 </subfield></datafield><datafield ind1=" " ind2=" " tag="040"><subfield code="a">NPX</subfield><subfield code="b">eng</subfield><subfield code="c">NPX</subfield><subfield code="d">NPU</subfield><subfield code="d">MBN</subfield><subfield code="d">OCL</subfield><subfield code="d">OCLCQ</subfield><subfield code="d">OCLCF</subfield><subfield code="d">OCLCO</subfield></datafield><datafield ind1="1" ind2=" " tag="029"><subfield code="a">AU@</subfield><subfield code="b">000020228132</subfield></datafield><datafield ind1=" " ind2=" " tag="042"><subfield code="a">msc</subfield></datafield><datafield ind1=" " ind2=" " tag="043"><subfield code="a">n-us-me</subfield></datafield><datafield ind1="0" ind2="0" tag="245"><subfield code="a">Lincoln advertiser.</subfield></datafield><datafield ind1=" " ind2=" " tag="260"><subfield code="a">Thomaston, Me. :</subfield><subfield code="b">C.H. Paine</subfield></datafield><datafield ind1=" " ind2=" " tag="300"><subfield code="a">v. ;</subfield><subfield code="c">58 cm.</subfield></datafield><datafield ind1=" " ind2=" " tag="310"><subfield code="a">Weekly</subfield></datafield><datafield ind1="1" ind2=" " tag="362"><subfield code="a">Began in 1858; ceased in 1860.</subfield><subfield code="z">Cf. Gregory, W. Amer. newspapers.</subfield></datafield><datafield ind1=" " ind2=" " tag="500"><subfield code="a">"Devoted to the dissemination of Republican Principles."</subfield></datafield><datafield ind1=" " ind2=" " tag="500"><subfield code="a">Editor: G.W. White.</subfield></datafield><datafield ind1=" " ind2=" " tag="500"><subfield code="a">Published at Damariscotta, Me., 1859-1860.</subfield></datafield><datafield ind1=" " ind2=" " tag="500"><subfield code="a">"Republican." Cf. Griffin, J. Hist. of the press of Maine, 1872.</subfield></datafield><datafield ind1=" " ind2=" " tag="588"><subfield code="a">Description based on: Vol. 5, no. 16 (June 24, 1858).</subfield></datafield><datafield ind1=" " ind2="0" tag="651"><subfield code="a">Thomaston (Me.)</subfield><subfield code="v">Newspapers.</subfield></datafield><datafield ind1=" " ind2="0" tag="651"><subfield code="a">Damariscotta (Me.)</subfield><subfield code="v">Newspapers.</subfield></datafield><datafield ind1=" " ind2="7" tag="655"><subfield code="a">Newspapers.</subfield><subfield code="2">fast</subfield><subfield code="0">(OCoLC)fst01423814</subfield></datafield><datafield ind1=" " ind2="7" tag="651"><subfield code="a">Maine</subfield><subfield code="z">Damariscotta.</subfield><subfield code="2">fast</subfield><subfield code="0">(OCoLC)fst01214345</subfield></datafield><datafield ind1=" " ind2="7" tag="651"><subfield code="a">Maine</subfield><subfield code="z">Thomaston.</subfield><subfield code="2">fast</subfield><subfield code="0">(OCoLC)fst01227743</subfield></datafield><datafield ind1="1" ind2=" " tag="700"><subfield code="a">White, George W.</subfield></datafield><datafield ind1=" " ind2=" " tag="752"><subfield code="a">United States</subfield><subfield code="b">Maine</subfield><subfield code="c">Lincoln</subfield><subfield code="d">Damariscotta.</subfield></datafield><datafield ind1=" " ind2=" " tag="752"><subfield code="a">United States</subfield><subfield code="b">Maine</subfield><subfield code="c">Knox</subfield><subfield code="d">Thomaston.</subfield></datafield><datafield ind1="0" ind2="0" tag="780"><subfield code="t">Thomaston journal</subfield><subfield code="w">(DLC)sn 84022368</subfield></datafield></record>